% Exported from Litmaps (https://www.litmaps.com)

@article{binary_mirigliano_2021,
    title = {A binary classifier based on a reconfigurable dense network of metallic nanojunctions},
    doi = {10.1088/2634-4386/AC29C9},
    author = {Mirigliano, M. and Paroli, B. and Martini, G. and Fedrizzi, M. and Falqui, A. and Casu, A. and Milani, P.},
    journal = {Neuromorph. Comput. Eng.},
    year = {2021},
    litmapsId = {177411215}
}


@article{continuumatomistic_padgett_2005,
    title = {A continuum-atomistic method for incorporating Joule heating into classical molecular dynamics simulations},
    doi = {10.1080/08927020500262614},
    author = {Padgett, Clifford W. and Brenner, Donald W.},
    journal = {Molecular Simulation},
    year = {2005},
    litmapsId = {188003042}
}


@article{bottomup_benetti_2017,
    title = {Bottom-Up Mechanical Nanometrology of Granular Ag Nanoparticles Thin Films},
    doi = {10.1021/ACS.JPCC.7B05795},
    author = {Benetti, Giulio and Caddeo, C. and Melis, C. and Ferrini, G. and Giannetti, C. and Winckelmans, Naomi and Bals, S. and Bael, M. V. and Cavaliere, E. and Gavioli, L. and Banfi, F.},
    year = {2017},
    litmapsId = {86319077}
}


@article{characterization_mirigliano_2021,
    title = {CHARACTERIZATION OF NANOSTRUCTURED METALLIC FILMS WITH NON-LINEAR ELECTRICAL PROPERTIES FOR THE FABRICATION OF NEUROMORPHIC DEVICES AND UNCONVENTIONAL DATA PROCESSING},
    doi = {10.13130/MIRIGLIANO-MATTEO_PHD2021-02-23},
    author = {Mirigliano, M.},
    year = {2021},
    litmapsId = {88854737}
}


@article{computational_sebastian_2019,
    title = {Computational memory-based inference and training of deep neural networks},
    doi = {10.23919/VLSIC.2019.8778178},
    author = {Sebastian, Abu and Boybat, Irem and Dazzi, Martino and Giannopoulos, Iason and Jonnalagadda, V. P. and Joshi, Vinay and Karunaratne, Geethan and Kersting, Benedikt and Khaddam-Aljameh, Riduan and Nandakumar, S. R. and Petropoulos, Anastasios and Piveteau, Christophe and Antonakopoulos, Theodore and Rajendran, Bipin and Gallo, M. Le and Eleftheriou, Evangelos},
    year = {2019},
    litmapsId = {204220252}
}


@article{electrical_mirigliano_2021,
    title = {Electrical conduction in nanogranular cluster-assembled metallic films},
    doi = {10.1080/23746149.2021.1908847},
    author = {Mirigliano, Matteo and Milani, Paolo},
    journal = {Advances in physics: X},
    year = {2021},
    litmapsId = {156711100}
}


@article{electrical_landauer_2008,
    title = {Electrical conductivity in inhomogeneous media},
    doi = {10.1063/1.31150},
    author = {Landauer, Rolf},
    journal = {Nucleation and Atmospheric Aerosols},
    year = {2008},
    litmapsId = {150759133}
}


@article{granular_beloborodov_2007,
    title = {Granular electronic systems},
    doi = {10.1103/REVMODPHYS.79.469},
    author = {Beloborodov, Igor S. and Lopatin, A. V. and Vinokur, V. M. and Efetov, Konstantin B.},
    journal = {Reviews of Modern Physics},
    year = {2007},
    litmapsId = {144399859}
}


@article{growth_borghi_2017,
    title = {Growth mechanism of cluster-assembled surfaces: from sub-monolayer to thin film regime.},
    doi = {10.1103/PHYSREVAPPLIED.9.044016},
    author = {Borghi, F. and Podestà, A. and Piazzoni, C. and Milani, P.},
    year = {2017},
    litmapsId = {234482570}
}


@article{growth_jensen_1999,
    title = {Growth of nanostructures by cluster deposition : a review},
    doi = {10.1103/REVMODPHYS.71.1695},
    author = {Jensen, P.},
    year = {1999},
    litmapsId = {241621594}
}


@article{growth_jensen_1999,
    title = {Growth of nanostructures by cluster deposition: Experiments and simple models},
    doi = {10.1103/REVMODPHYS.71.1695},
    author = {Jensen, Pablo},
    journal = {Reviews of Modern Physics},
    year = {1999},
    litmapsId = {227828054}
}


@article{heterogeneous_borgia_2002,
    title = {Heterogeneous distribution of metal nanocrystals in glazes of historical pottery},
    doi = {10.1016/S0169-4332(01)00659-6},
    author = {Borgia, Ilaria and Brunetti, Brunetto Giovanni and Mariani, I. and Sgamellotti, Antonio and Cariati, Franco and Fermo, Paola and Mellini, Marcello and Viti, Cecilia and Padeletti, Giuseppina},
    journal = {Applied Surface Science},
    year = {2002},
    litmapsId = {142056405}
}


@article{influence_borghi_2022,
    title = {Influence of the nanostructure on the electric transport properties of resistive switching cluster-assembled gold films},
    doi = {10.1016/J.APSUSC.2022.152485},
    author = {Borghi, Francesca and Mirigliano, Matteo and Dellasega, David and Milani, Paolo},
    year = {2022},
    litmapsId = {191549199}
}


@article{memory_indiveri_2015,
    title = {Memory and Information Processing in Neuromorphic Systems},
    doi = {10.1109/JPROC.2015.2444094},
    author = {Indiveri, Giacomo and Liu, Shih-Chii},
    journal = {Proceedings of the IEEE},
    year = {2015},
    litmapsId = {135827942}
}


@article{memory_sebastian_2020,
    title = {Memory devices and applications for in-memory computing},
    doi = {10.1038/S41565-020-0655-Z},
    author = {Sebastian, Abu and Gallo, Manuel Le and Khaddam-Aljameh, Riduan and Eleftheriou, Evangelos},
    journal = {Nature Nanotechnology},
    year = {2020},
    pubmedId = {32231270},
    litmapsId = {108643571}
}


@article{modeling_lpezsurez_2021,
    title = {Modeling charge transport in gold nanogranular films},
    doi = {10.1103/PHYSREVMATERIALS.5.126001},
    author = {López-Suárez, Miquel and Melis, Claudio and Colombo, Luciano and Tarantino, Walter},
    year = {2021},
    litmapsId = {208136020}
}


@article{modeling_tarantino_2020,
    title = {Modeling resistive switching in nanogranular metal films},
    doi = {10.1103/PHYSREVRESEARCH.2.043389},
    author = {Tarantino, Walter and Colombo, Luciano},
    journal = {Physical review research},
    year = {2020},
    litmapsId = {155411498}
}


@journalarticle{moleculardynamics_haberland_1995,
    title = {Molecular-dynamics simulation of thin-film growth by energetic cluster impact.},
    doi = {10.1103/PHYSREVB.51.11061},
    author = {Haberland,  and Insepov,  and Moseler, },
    journal = {Physical review. B, Condensed matter},
    year = {1995},
    pubmedId = {9977812},
    litmapsId = {163484083}
}


@journal{multiscale_lopezsuarez_2022,
    title = {Multiscale modeling of resistive switching in gold nanogranular films},
    author = {L'opez-Su'arez, Miquel and Melis, C. and Colombo, L. and Tarantino, W.},
    year = {2022},
    litmapsId = {251475278}
}


@article{nonohmic_mirigliano_2019,
    title = {Non-ohmic behavior and resistive switching of Au cluster-assembled films beyond the percolation threshold},
    doi = {10.1039/C9NA00256A},
    author = {Mirigliano, Matteo and Borghi, Francesca and Podestà, Alessandro and Antidormi, Aleandro and Colombo, Luciano and Milani, Paolo},
    journal = {Nanoscale advances},
    year = {2019},
    litmapsId = {62288454}
}


@article{percolation_kirkpatrick_1973,
    title = {Percolation and Conduction},
    doi = {10.1103/REVMODPHYS.45.574},
    author = {Kirkpatrick, S.},
    year = {1973},
    litmapsId = {178536333}
}


@article{quantized_sattar_2013,
    title = {Quantized conductance and switching in percolating nanoparticle films.},
    doi = {10.1103/PHYSREVLETT.111.136808},
    author = {Sattar, A. and Fostner, Shawn and Brown, Simon},
    journal = {Physical Review Letters},
    year = {2013},
    pubmedId = {24116807},
    litmapsId = {15309825}
}


@article{selfassembly_nasiri_2015,
    title = {Self-assembly dynamics and accumulation mechanisms of ultra-fine nanoparticles†},
    doi = {10.1039/C5NR00877H},
    author = {Nasiri, Noushin and Elmøe, Tobias Dokkedal and Liu, Yun and Qin, Qing H. and Tricoli, Antonio},
    journal = {Nanoscale},
    year = {2015},
    pubmedId = {25966367},
    litmapsId = {113253420}
}


@article{simulation_donati_2020,
    title = {Simulation of self-heating process on the nanoscale: a multiscale approach for molecular models of nanocomposite materials},
    doi = {10.1039/D0NA00238K},
    author = {Donati, Greta and Nicola, Antonio De and Munaò, Gianmarco and Byshkin, Maksym and Vertuccio, Luigi and Guadagno, Liberata and Goff, Ronan Le and Milano, Giuseppe},
    journal = {Nanoscale advances},
    year = {2020},
    litmapsId = {31274194}
}


@article{theory_grimaldi_2014,
    title = {Theory of percolation and tunneling regimes in nanogranular metal films},
    doi = {10.1103/PHYSREVB.89.214201},
    author = {Grimaldi, C.},
    year = {2014},
    litmapsId = {137108758}
}

